@misc{bitcoin08,
	title={Bitcoin: A peer-to-peer electronic cash system},
	author={Satoshi Nakamoto},
	year={2008},
	howpublished={\url{https://bitcoin.org/bitcoin.pdf}}
}

@misc{hashcash02,
	title={Hashcash - A Denial of Service Counter-Measure},
	author={Adam Back},
	year={2002},
	howpublished={\url{http://www.hashcash.org/papers/hashcash.pdf}}
}

@misc{proofOfX,
	title={Bitcoin.org - Proof Of Work},
	howpublished={\url{https://en.bitcoin.it/wiki/Proof_of_work}}
}

@misc{PoSvsPoW,
	title={Proof of Stake versus Proof of Work --- White Paper},
	author={{BitFury Group}},
	year={2015},
	howpublished={\url{http://bitfury.com/content/5-white-papers-research/pos-vs-pow-1.0.2.pdf}}
}

@misc{bitcoinsecp256k1,
	howpublished={\url{https://bitcoin.org/en/developer-guide}}
}

@article{SEC2,
	title={Standards for Efficient Cryptography 2 (SEC2) version 2},
	year={2010},
	author={{Certicom Research}}
}

@misc{Bernstein11,
	title={High-speed high-security signatures},
	author={Daniel J. Bernstein and Niels Duif and Tanja Lange and Peter Schwabe and Bo-Yin Yang},
	year={2011},
	doi={10.1007/978-3-642-23951-9_9},
	howpublished={\url{http://ed25519.cr.yp.to/ed25519-20110926.pdf}}
}

@techreport{rfc8032,
	author={Joseffson, J. and Liusvaara, I.},
	title={RFC8032},
	howpublished={Internet Requests for Comments},
	type={RFC},
	number={8032},
	year={2017},
	month={January},
	publisher={RFC Editor},
	institution={RFC Editor},
	url={https://tools.ietf.org/html/rfc8032},
	issn={2070-1721}
}

@techreport{rfc6979,
	author={Pornin, T.},
	title={RFC6979},
	howpublished={Internet Requests for Comments},
	type={RFC},
	number={6979},
	year={2013},
	month={August},
	publisher={RFC Editor},
	institution={RFC Editor},
	url={https://tools.ietf.org/html/rfc6979},
	issn={2070-1721}
}

@article{Bentov17,
  author    = {Iddo Bentov and
               Ariel Gabizon and
               Alex Mizrahi},
  title     = {Cryptocurrencies without Proof of Work},
  journal   = {CoRR},
  volume    = {abs/1406.5694},
  year      = {2014},
  url       = {http://arxiv.org/abs/1406.5694},
  timestamp = {Wed, 07 Jun 2017 14:40:49 +0200},
  biburl    = {http://dblp.org/rec/bib/journals/corr/BentovGM14},
  bibsource = {dblp computer science bibliography, http://dblp.org}
}

@article{koblitz87,
  title={Elliptic curve cryptosystems},
  author={Koblitz, Neal},
  journal={Mathematics of computation},
  volume={48},
  number={177},
  pages={203--209},
  year={1987}
}

@article{nist186-4,
  author={{National Institute of Standards and Technology}},
  title={{FIPS PUB 186-4}: Digital Signature Standard (DSS)},
  publisher={pub-NIST},
  month={July},
  year={2013}
}

@article{nist180-4,
  author={{National Institute of Standards and Technology}},
  title={{FIPS PUB 186-4}: Secure Hash Standard (SHS)},
  publisher={pub-NIST},
  month={August},
  year={2015}
}
